<record><leader>00000cas a22000007a 4500</leader><controlfield tag="001">17470759</controlfield><controlfield tag="008">880212d19401949iaudn ne      0    0eng d</controlfield><datafield ind1=" " ind2=" " tag="010"><subfield code="a">sn 88059495 </subfield></datafield><datafield ind1=" " ind2=" " tag="040"><subfield code="a">INP</subfield><subfield code="b">eng</subfield><subfield code="c">INP</subfield><subfield code="d">OCLCQ</subfield></datafield><datafield ind1=" " ind2=" " tag="042"><subfield code="a">msc</subfield></datafield><datafield ind1="0" ind2=" " tag="130"><subfield code="a">Charles City press (Charles City, Iowa : 1940)</subfield></datafield><datafield ind1="1" ind2="0" tag="245"><subfield code="a">Charles City press.</subfield></datafield><datafield ind1="1" ind2="3" tag="246"><subfield code="a">Charles City press and evening intelligencer</subfield></datafield><datafield ind1=" " ind2=" " tag="260"><subfield code="a">Charles City, Iowa :</subfield><subfield code="b">L.H. Henry &amp; Sons,</subfield><subfield code="c">1940-1949.</subfield></datafield><datafield ind1=" " ind2=" " tag="300"><subfield code="a">10 v.</subfield></datafield><datafield ind1=" " ind2=" " tag="310"><subfield code="a">Daily (except Sunday)</subfield></datafield><datafield ind1="0" ind2=" " tag="362"><subfield code="a">Vol. 43, no. 157 (Sept. 9, 1940)-v. 52, no. 287 (Mar. 3, 1949).</subfield></datafield><datafield ind1=" " ind2=" " tag="500"><subfield code="a">Publisher varies.</subfield></datafield><datafield ind1=" " ind2=" " tag="752"><subfield code="a">United States</subfield><subfield code="b">Iowa</subfield><subfield code="c">Floyd</subfield><subfield code="d">Charles City.</subfield></datafield><datafield ind1="0" ind2="0" tag="780"><subfield code="t">Charles City press and evening intelligencer (Charles City, Iowa : 1915)</subfield><subfield code="w">(DLC)sn 87058431</subfield></datafield><datafield ind1="0" ind2="0" tag="785"><subfield code="t">Charles City press and evening intelligencer (Charles City, Iowa : 1949)</subfield><subfield code="w">(DLC)sn 88059496</subfield></datafield></record>